<?xml version="1.0" encoding="UTF-8"?><collection xmlns="http://www.loc.gov/MARC21/slim"><record><leader>00564nam--2200145-i-4500</leader><controlfield tag="001">000007540</controlfield><controlfield tag="002">20161230</controlfield><controlfield tag="005">20161230201027</controlfield><controlfield tag="008">060222s1000------------r-----000-0-eng-d</controlfield><datafield ind1="1" ind2=" " tag="100"><subfield code="a">ANSELONE, P.M (Ed.)</subfield></datafield><datafield ind1="1" ind2="0" tag="245"><subfield code="a">NONLINEAR INTEGRAL EQUATIONS. Proceedings of an Advanced Seminar Conducted by the Mathematics Research Center, United States Army, a the University of Wisconsin, Madison, April 22-24, 1963</subfield></datafield><datafield ind1=" " ind2=" " tag="260"><subfield code="a">Madison, The University Of Wisconsin Press, 1964 Xii + 378 P</subfield></datafield><datafield ind1=" " ind2=" " tag="700"><subfield code="a">P.M. Anselone</subfield></datafield><datafield ind1=" " ind2=" " tag="852"><subfield code="a">22968</subfield><subfield code="c">517.9</subfield></datafield><datafield ind1=" " ind2=" " tag="CAT"><subfield code="a">Sys</subfield><subfield code="c">20080930</subfield><subfield code="h">132343</subfield></datafield></record></collection>